2461 3214
825 202 1172 281 ἥκων
1665 222 1836 280 mn

158 368 160 370 ψ
206 329 456 399 Stollberg.
489 334 553 397 d)
613 333 835 384 Diffenfit
863 333 1124 396 Ernestius‚
1146 340 1280 386 aliam
1303 341 1545 404 ampiexus
1568 339 1819 394 leffionem

199 415 306 463 eod.
332 414 431 463 Ms.
455 408 613 477 Lips0,
651 416 732 479 qui
768 432 856 481 pro
876 433 970 465 νεων
1000 414 1141 466 habet
1174 419 1282 466 νέων.
1351 423 1468 474 Neue
1509 432 1664 471 autem
1703 422 1748 471 h.
1781 423 1813 472 Ιι

195 505 290 553 diei
317 511 449 567 putat
472 504 671 565 milites,
709 501 832 570 quos
847 504 1088 554 Homerus
1102 510 1449 570 nonnunquam
1488 511 1625 558 etiam
1658 510 1812 577 οιαξηες

192 596 422 656 nominat,
462 591 590 652 sicuti
604 592 765 653 Latini
790 596 958 645 eodem
989 592 1115 645 sensu
1140 608 1333 645 vtuntur
1354 594 1618 658 vocabulis,
1677 601 1807 649 iuue-

189 689 269 726 nes
298 692 345 727 et
362 672 568 744 puberes.
640 681 762 728 Cum
789 678 1004 728 Ernestio
1042 677 1152 726 facit
1173 679 1494 747 Niemeyerus
1524 682 1586 730 V.
1619 681 1698 746 C„
1725 687 1802 733 cui

187 762 303 810 haec
327 767 450 826 ratio
473 763 592 811 adeo
617 761 869 827 probatur,
907 775 958 812 vt
981 781 1066 829 per
1087 780 1187 812 eam
1213 765 1368 827 longis
1384 775 1431 811 et
1443 769 1617 828 argutis
1644 765 1798 832 dispu-

185 847 440 898 tationibus
479 843 774 913 supersedere
819 846 1018 915 potuisse
1068 844 1344 912 interpretes
1368 848 1554 898 iudicet.
1629 846 1796 898 Enim-

184 951 301 987 uero
333 938 446 986 mihi
472 938 661 1003 quidem
699 941 854 988 minus
896 940 1078 989 adridet
1114 940 1190 986 illa
1227 933 1451 988 sententia
1478 978 1492 1001 ,
1528 955 1627 988 non
1662 938 1794 1004 quod

179 1018 387 1069 dubitem
405 1058 420 1080 ‚
458 1018 597 1069 verba
631 1038 726 1069 νεων
749 1039 789 1069 εν
813 1038 948 1085 avam
972 1024 1095 1069 illam
1137 1016 1522 1082 significationem
1545 1022 1789 1073 admittere

178 1110 314 1172 plane
339 1125 435 1156 non
461 1104 619 1172 posse,
659 1105 734 1155 sed
761 1110 868 1171 quia
896 1106 1137 1156 Homerus
1161 1119 1302 1152 vnum
1334 1106 1552 1171 idemque
1590 1104 1788 1158 verbum
1849 1176 1856 1179 .

174 1192 322 1240 modo
337 1190 445 1253 hoc>
480 1187 625 1236 modo
666 1191 758 1238 alio
791 1187 917 1240 sensu
953 1187 1174 1240 adhibere
1208 1205 1308 1237 non
1346 1187 1475 1240 solet.
1559 1189 1788 1242 Occurrit

170 1292 342 1341 nempe
380 1288 506 1327 totus
532 1280 610 1328 ille
633 1275 789 1328 versus
807 1315 820 1340 ‚
857 1293 1027 1339 τευχεσι
1063 1285 1321 1345 cumam,
1355 1295 1450 1329 νεων
1473 1293 1513 1326 εν
1538 1291 1673 1340 wycam
1703 1293 1785 1326 m-

171 1375 330 1423 σοντοι,
368 1362 458 1409 iam
487 1362 540 1411 11.
556 1360 609 1419 0⁴,
635 1368 747 1426 428.
769 1394 782 1419 ,
809 1358 886 1409 vbi
911 1376 1000 1410 nec
1023 1364 1276 1430 quidquam
1294 1366 1505 1413 immutat
1517 1358 1778 1426 Ms.Lips.‚

165 1445 263 1495 filet
304 1463 430 1498 certe
452 1447 716 1508 Ernestius,
756 1464 876 1509 nee,
900 1448 931 1504 fi
967 1449 1098 1497 daret
1135 1454 1401 1500 varietatem
1440 1450 1682 1513 lationis,
1723 1465 1778 1497 ea

160 1518 405 1595 probanda⁸
431 1529 566 1591 esset,
600 1534 649 1579 in
681 1532 841 1597 primis
866 1541 1058 1595 propter
1080 1547 1254 1597 v.423.
1281 1530 1359 1580 lib.
1389 1531 1534 1578 eiusd.
1551 1566 1565 1589 ,
1602 1531 1650 1575 in
1677 1544 1775 1593 quo

157 1632 255 1671 νεως
276 1616 557 1684 προποιροιθε
578 1619 698 1665 idem
725 1616 922 1672 videtur,
956 1616 1084 1680 quod
1099 1634 1246 1666 νεωνεν
1283 1631 1417 1679 αγωνι
1439 1631 1483 1663 v.
1499 1620 1598 1677 428

304 1708 398 1757 Sed
422 1720 468 1756 et
480 1707 609 1756 Iliad.
632 1705 697 1769 π’,
717 1722 812 1770 239
843 1704 1083 1754 Homerus
1113 1710 1236 1756 iliam
1262 1706 1515 1755 difflonem
1536 1722 1635 1760 Ινεων
1661 1722 1700 1752 εν
1712 1721 1771 1753 οι·

161 1809 262 1861 ’γωνι
327 1790 595 1861 vsurpauit‚
629 1792 789 1862 ibique
813 1794 928 1842 nihii
959 1793 1084 1839 aiiud
1123 1793 1380 1858 significare
1415 1793 1590 1857 potest,
1628 1810 1767 1858 quam

936 1877 983 1928 D
1020 1894 1048 1933 2
1694 1898 1767 1929 επι

284 1996 551 2051 δεὴπειηειι,
578 2010 714 2043 wenn
751 1998 837 2041 mir
869 1998 944 2042 der
974 1996 1160 2042 Grieche
1172 1997 1253 2041 den
1286 1997 1446 2041 Kueras
1480 1995 1651 2041 naehm'
1672 2002 1759 2044 und

1160 2128 1162 2130 ,
1186 2074 1254 2115 die
1275 2071 1477 2125 Waffen‚

279 2151 348 2194 Da
369 2164 414 2192 er
435 2150 521 2192 mir
539 2151 585 2195 in
603 2150 702 2194 dem
717 2150 843 2195 Streit
863 2166 940 2198 um
961 2151 1029 2194 die
1041 2149 1201 2197 Schiffe
1223 2153 1296 2195 das
1319 2150 1462 2195 Leben
1484 2148 1752 2194 verkuerzte.

123 2280 128 2290 ,
1336 2230 1524 2276 Bodmer.

126 2295 133 2302 ¹
201 2322 246 2378 d)
277 2316 490 2365 Dennich
502 2319 680 2364 vuerde
699 2320 778 2363 mit
801 2317 1016 2364 Schmach
1034 2315 1202 2361 hinfort
1222 2317 1321 2361 dein
1343 2314 1571 2375 Angeficht
1590 2315 1754 2364 decken

273 2403 370 2447 Alie
391 2401 645 2460 kuenftigen
669 2402 818 2460 Tage,
839 2399 1016 2445 wofern
1038 2385 1154 2443 mich
1177 2401 1294 2445 einer
1316 2401 1390 2444 der
1412 2398 1632 2444 Griechen

271 2480 407 2540 Hier,
427 2486 490 2529 im
511 2484 695 2543 Kampfe
718 2484 816 2530 fuer
835 2482 1134 2551 ihreSchiffe,
1157 2484 1231 2527 der
1253 2483 1473 2540 Ruestung
1491 2480 1706 2531 beraubte.

751 2552 762 2558 ”
1266 2552 1478 2616 Stollberg.
