2461 3214
527 196 612 249 m
1195 166 1520 259 225<aess

537 315 712 368 flffiniis
736 313 1029 366 adiuuantur.
1090 310 1291 381 Effingit
1316 326 1469 365 autem
1498 311 1740 378 Homerus
1768 313 1883 363 deos
1912 309 2018 362 suos
2056 332 2156 364 non

545 404 641 464 ita,
676 411 727 448 vt
762 416 936 449 numen
975 414 1140 447 eorum
1180 402 1472 465 cogitatione
1505 392 1708 448 tantum*
1732 400 2041 464 percipiatur,
2085 395 2162 446 sed

545 491 687 538 etiam
713 483 855 536 sensu.
889 486 1121 534 Videmus
1145 500 1256 547 eos,
1294 482 1574 550 corporibus
1600 484 1737 533 instar
1761 484 2006 533 hominum
2029 497 2166 550 prae-

547 573 676 625 ditos
699 584 807 623 ante
833 572 999 621 oculos
1028 567 1212 617 nostros
1237 565 1412 618 versari
1431 608 1446 633 ,
1482 572 1871 637 inceptorumque
1898 554 2167 621 mortalium

545 655 702 712 socios
727 656 818 708 se‘e
843 654 1082 725 praebere.
1147 653 1372 706 Attamen
1410 654 1525 705 haec
1563 672 1790 722 corpora,
1837 659 2059 723 quoniam
2099 668 2163 706 et·

544 754 638 801 iam
666 752 717 798 in
744 747 831 796 hac
852 762 903 794 re
927 746 1043 794 deos
1075 742 1344 794 hominibus
1379 749 1658 796 antecellere
1680 765 1764 813 par
1798 760 1921 812 erat,
1951 748 2164 797 humanis

544 834 794 891 firmitate,
832 828 1014 878 viribus
1035 846 1087 878 ac
1111 829 1433 895 magnitudine
1469 832 1799 896 praestantiora
1818 833 1870 898 h)
1907 832 2018 884 fecit
2050 827 2164 899 poe-

529 942 617 985 ta,
650 935 698 974 et
726 922 916 989 quidem
942 922 1080 968 vario
1106 920 1254 970 modo
1278 921 1523 987 graduque
1544 958 1559 980 ,
1598 935 1742 989 prout
1777 941 2160 989 vnumquemquc

540 1018 739 1067 deorum
779 1008 986 1059 decebat.
1052 1007 1106 1056 In
1145 1011 1247 1056 aliis
1281 1011 1405 1056 eziim
1438 1011 1713 1075 magnitudo
1740 1015 1945 1077 paullum
1984 1024 2163 1060 tantum

543 1095 741 1163 praestat
768 1093 1015 1156 humanae,
1051 1094 1100 1139 in
1114 1094 1213 1140 aliis
1237 1107 1352 1140 vero
1377 1092 1497 1141 adeo
1526 1091 1728 1143 coloffea
1753 1089 1839 1155 est,
1878 1108 1928 1145 vt
1953 1112 2162 1158 omnem,

544 1192 686 1243 quam
704 1184 755 1229 in
779 1196 935 1228 rerum
962 1189 1124 1228 natura
1150 1179 1371 1225 nouimus
1397 1214 1410 1239 ,
1449 1175 1592 1241 longe
1613 1177 1826 1229 excedat.
1899 1180 1977 1229 Sic
2011 1180 2163 1245 Mars,

545 1268 694 1319 durus
721 1271 800 1317 ille
825 1269 971 1325 deus,
1014 1269 1034 1327 (
1048 1272 1253 1330 χαλκεος
1279 1267 1429 1332 Αρης)
1468 1268 1548 1330 qui
1572 1281 1597 1314 a
1625 1264 1862 1316 Diomede
1897 1273 2161 1320 vulneratus

545 1370 727 1406 tantum
765 1361 1019 1402 clamorem
1056 1347 1224 1425 tollit,
1260 1365 1483 1416 quantum
1526 1353 1694 1398 nouies
1732 1357 1809 1400 vel
1845 1356 1999 1404 decies
2036 1360 2162 1408 mille

544 1442 792 1493 hominum
844 1438 1039 1500 solent,
1072 1439 1129 1497 i)
1201 1436 1332 1482 humi
1388 1435 1548 1481 stratus
1596 1431 1768 1498 septem
1809 1441 1970 1503 iugera
2016 1459 2162 1490 occu-

542 1541 636 1591 pat.
659 1529 726 1589 k)
781 1526 1036 1592 Neptunus
1062 1506 1266 1587 quatuor
1306 1516 1502 1584 passibus
1528 1514 1583 1564 ab
1612 1517 1691 1568 {da
1719 1517 1963 1588 ad'Aegas
1992 1542 2160 1591 pel-ue.

541 1616 640 1672 nit,
670 1612 715 1677 Ι)
761 1623 807 1660 et
839 1611 1092 1671 Minerua,
1130 1620 1179 1655 vt
1217 1610 1275 1655 ad
1304 1609 1459 1654 locum
1493 1608 1697 1657 nostrum
1734 1612 1947 1674 redeam,
1981 1618 2160 1680 galeam

539 1703 712 1767 gestat,
749 1717 888 1766 quam
923 1703 1091 1747 milites
1121 1710 1308 1745 centum
1339 1696 1520 1745 vrbium
1553 1696 1702 1747 subire
1738 1703 1918 1766 poffint‚
1995 1706 2158 1755 Venus

539 1793 763 1856 quidem,
795 1791 1000 1840 inualida
1025 1793 1102 1838 illa
1126 1790 1240 1853 dea,
1277 1805 1398 1854 quae
1422 1790 1482 1839 de
1512 1792 1736 1842 leuiffimo
1759 1798 1959 1846 vulnere
1990 1795 2160 1863 grauis·

2054 1884 2161 1934 fime

595 1997 652 2053 h)
683 1996 733 2042 E.
756 1993 953 2054 pluribus
975 2010 1110 2040 vnum
1136 1994 1460 2047 modo-locum,
1482 1997 1555 2053 qui
1578 1996 1620 2039 id
1643 1996 1810 2054 probat,
1832 1999 2028 2060 mihique
2046 2020 2161 2052 nune

670 2072 895 2124 succurrit,
928 2071 1134 2124 laudabo,
1165 2071 1308 2131 Odyff.
1332 2075 1357 2113 ε’
1381 2084 1449 2115 2¹2
1483 2081 1523 2115 et
1559 2086 1628 2126 213
1651 2072 1750 2116 coll.
1774 2088 1859 2129 217.

597 2147 644 2201 i)
677 2147 788 2191 lliad.
819 2150 863 2199 ε’,
897 2149 998 2197 860.

596 2226 657 2286 k)
693 2226 806 2270 uiad.
846 2230 910 2280 φ’,
940 2239 1041 2283 407.
1109 2226 1241 2292 Qod
1281 2226 1319 2270 S.
1361 2220 1411 2269 V.
1455 2225 1676 2274 Herderus
1712 2244 1754 2289 p.
1799 2238 1887 2283 ¹80.
1920 2238 2165 2292 contendit,

675 2303 930 2350 Homerum
959 2319 1049 2350 non
1074 2305 1227 2351 ausum
1250 2305 1355 2359 csse,
1390 2308 1733 2364 magnitudinem
1758 2309 1915 2356 Martis
1937 2315 2066 2361 ere-dli
2095 2320 2161 2365 sed

672 2382 852 2428 iacentis
871 2392 1041 2426 tantum
1066 2382 1330 2438 describere,
1358 2387 1486 2431 nimis
1510 2401 1714 2447 argutum
1750 2388 1858 2434 mihi
1890 2393 2065 2441 videtur.

587 2466 624 2524 l)
658 2461 773 2506 iliad.
797 2465 835 2515 ν’,
861 2475 929 2506 20.
955 2460 1096 2506 Etia‘tn
1117 2461 1187 2507 hic
1221 2465 1544 2511 mea-sententia
1565 2468 1694 2512 nimis
1716 2468 1846 2527 longe
1867 2473 2052 2529 petitum
2075 2479 2160 2532 est,

672 2541 792 2599 quod
813 2539 999 2597 disputat
1024 2537 1250 2583 Herderus
1277 2555 1359 2598 pag
1396 2555 1478 2597 177·
