2461 3214
885 196 1249 293 Qffid?
1783 218 1867 261 xv

242 342 396 385 tamen
475 330 851 400 porphyrianam
911 332 1122 383 adfirmat
1171 331 1260 384 effe
1305 331 1648 400 elegantiorem.
1762 330 1868 380 Ne·

239 418 332 483 que
359 419 519 482 negari
540 415 705 481 potest,
744 418 889 482 priori
929 415 1180 467 sententiae
1225 416 1574 485 aliquidinesse,
1607 415 1738 482 quod
1753 430 1860 475 nos,

206 503 319 562 ⁴qui
370 496 526 545 seculo
576 499 721 562 magis
781 504 971 550 exculto
1031 516 1169 568 atque
1192 504 1417 568 expolito
1453 504 1682 565 vivimu5‚
1718 497 1856 548 facile

235 581 457 630 offendat.
513 582 772 637 Diomedes
798 592 955 646 enim,
987 591 1161 648 laetus,
1199 597 1328 659 quod
1362 605 1607 662 paternum
1622 581 1857 650 hospitem

229 667 540 727 cognouerit,
583 667 820 718 Glaucum
849 670 1150 728 exhortatur,
1177 686 1231 722 vt
1263 679 1548 733 amicitiam,
1590 685 1730 736 quam
1772 686 1855 734 pa·

231 757 321 794 tres
338 743 545 812 ipsorum
571 755 956 818 coniugauerant,
994 768 1119 800 nunc
1132 755 1271 802 etiam
1300 770 1460 804 coram
1481 748 1698 800 omnibus
1712 747 1855 798 Grae·

231 830 296 875 cis
322 846 374 877 ac
411 830 637 882 Troianis
676 830 826 884 seruet
850 871 865 894 ,
894 849 1090 899 eamque
1127 837 1265 884 armis
1297 834 1569 902 permutatis
1608 831 1851 896 propalam

230 924 451 974 ostendat.
525 925 720 978 Amicus
746 931 888 995 igitur
910 945 1013 977 cum
1043 930 1194 977 amico
1211 938 1357 976 mutat
1369 943 1505 974 arma.
1584 921 1849 991 Qapr0p·

227 1016 300 1056 ter
313 1010 488 1070 ‘durum
528 1017 725 1061 omnino
751 1010 887 1060 nobis
916 1011 1063 1059 videri
1092 1011 1241 1075 potest
1260 1049 1273 1072 ,
1305 1010 1572 1059 Homerum
1605 1004 1849 1054 Glaucum

226 1093 470 1160 deceptum
493 1111 633 1162 atque
654 1097 955 1146 obcaecatum
979 1114 1175 1162 vocare,
1211 1100 1321 1162 quia*
1346 1113 1484 1144 aurea
1507 1111 1632 1142 arma
1647 1090 1724 1140 sua
1736 1102 1843 1138 cum

221 1176 376 1220 aeneis
406 1173 654 1225 Diomedis
676 1178 937 1223 mutauerit.

356 1266 420 1311 At
446 1277 678 1330 repugnat
692 1265 910 1330 primum
949 1264 1324 1329 interpretationi
1367 1261 1436 1308 isti
1475 1257 1836 1328 porphyriana

218 1345 320 1396 vsus
345 1350 568 1413 loquendi
594 1364 808 1416 graecus.
877 1347 1006 1395 Nam
1034 1350 1081 1394 in
1105 1344 1340 1403 omnibus,
1367 1360 1487 1410 quae
1509 1339 1663 1406 sciam,
1702 1338 1835 1404 locis,

218 1431 266 1474 in
298 1430 464 1494 quibus
496 1433 668 1498 phrasis
692 1438 860 1498 φςηνας
881 1431 1062 1496 εξελετσ
1097 1431 1320 1486 occurrit,
1359 1439 1485 1476 certe
1506 1426 1631 1494 apud
1648 1422 1838 1472 Home-

217 1535 347 1580 rum,
385 1537 437 1568 ea
469 1527 722 1589 αφξοσυνην
753 1522 986 1585 quandam
1015 1520 1238 1582 denotat,
1277 1522 1493 1581 vertique
1522 1515 1688 1579 debet,
1712 1528 1842 1562 men-

216 1616 310 1657 tem
338 1608 528 1658 ademit.
603 1608 780 1671 Neque
808 1607 1002 1656 Riccius
1034 1622 1188 1670 neque
1224 1608 1343 1652 viius
1382 1607 1497 1651 alius
1538 1619 1599 1651 ex
1633 1606 1719 1661 iis,
1756 1606 1839 1672 qui

213 1692 489 1766 Porphyrio
523 1698 886 1762 adstipulantur,
937 1699 1148 1759 exempla
1190 1712 1215 1742 e
1252 1692 1553 1759 scriptoribus
1589 1693 1828 1746 veteribus

212 1786 440 1843 laudauit,
478 1802 597 1850 quae
616 1786 744 1833 istam
770 1783 1184 1848 fignificationem,
1220 1793 1421 1834 mentem
1451 1785 1662 1849 extulit,
1692 1802 1827 1836 com-

209 1868 425 1939 probent.

353 1963 535 2016 Deinde
557 1962 696 2013 verba
724 1970 891 2030 φρενας
911 1964 1091 2031 εξελετο
1115 1969 1268 2014 minus
1305 1967 1420 2016 dura
1444 1977 1492 2016 et
1515 1971 1672 2034 inepta
1693 1969 1825 2019 vide-

205 2057 376 2108 buntur
434 2053 563 2103 vsum
590 2091 605 2112 ,
640 2056 718 2119 qui
748 2057 824 2103 iila
850 2067 999 2105 aetate
1022 2055 1283 2106 Homerica
1319 2055 1434 2120 fuit,
1455 2056 1826 2123 respicientibus

204 2145 416 2211 Qioties·
447 2145 569 2191 enim
594 2156 691 2191 tum
716 2143 863 2193 homo
902 2149 1012 2194 alias
1056 2148 1263 2211 prudens
1303 2161 1469 2199 contra
1505 2152 1814 2200 commodum

201 2230 330 2280 suum
367 2233 544 2296 egerit,
583 2233 722 2279 toties
758 2249 819 2281 ex
852 2237 1080 2299 opinione
1115 2240 1533 2304 antiquiffimorum
1571 2253 1823 2308 poetarum

202 2319 501 2369 Graecorum
528 2317 606 2368 vsu
643 2324 809 2369 mentis
833 2338 859 2369 a
885 2323 972 2371 diis
1001 2327 1208 2389 priuatus
1234 2327 1309 2374 est.

346 2406 425 2455 Sic
452 2410 500 2456 in
526 2413 621 2459 alio
646 2413 755 2462 loco
782 2410 952 2463 Iliados
978 2412 1005 2461 f
1004 2414 1033 2475 )
1070 2416 1234 2466 iisdem
1255 2415 1409 2467 verbis
1433 2420 1578 2468 vtitur
1601 2419 1815 2473 Alcime·

226 2559 233 2565 ι
1700 2496 1819 2560 don,

253 2569 303 2626 f)
332 2571 505 2633 iliacis,
526 2592 629 2635 470.
