2461 3214
986 166 1110 255 22>
1125 170 1327 253 &es-{9
1890 185 1973 231 vn

487 313 725 379 Ernestim
750 296 911 373 aliam,
954 310 1010 360 ab
1042 314 1141 367 ,illis
1167 302 1381 377 ²quatuor
1414 303 1607 371 prolatis
1632 293 1860 346 diuersam
1893 298 1972 346 de·

346 398 415 450 dit
446 399 876 463 interpretationem
925 395 1069 441 hanc:
1143 391 1222 440 ”Si
1257 391 1365 457 quis
1406 401 1427 434 e
1457 396 1605 432 curru
1641 376 1874 443 excuffics,
1911 374 1979 424 ad

345 479 494 533 alium
506 478 556 544 se
585 478 780 544 recipere
807 475 920 525 velit
939 513 953 535 ,
992 476 1035 524 is
1059 475 1216 541 potius
1237 465 1485 536 (repulsus
1508 462 1600 513 scil.
1638 466 1713 512 vel
1741 466 1971 529 repellen-

344 564 456 627 dus)
487 571 662 631 pugnet
685 560 813 627 hasta
833 561 993 629 pedes,
1028 577 1166 627 quam
1195 574 1244 611 vt
1265 563 1403 610 alium
1431 572 1615 606 currum
1632 550 1969 611 conscendenS,

343 656 417 715 ei,
448 655 527 717 qui
553 654 602 699 in
638 668 777 699 curru
818 651 899 709 est,
930 649 1268 714 impedimento
1291 647 1396 696 sit.”
1465 641 1739 694 Adsentitur
1773 643 1816 690 ei
1840 640 1967 689 Ven.

339 731 676 800 Niemeyerus.
705 728 830 778 Mihi
864 724 1075 801 displicet
1097 728 1212 778 haec
1238 730 1377 776 ratio.
1446 726 1793 792 Argumentum
1819 725 1966 772 enini»

346 834 448 883 quo
486 817 545 863 ad
583 815 951 863 confirmandam
990 811 1115 862 suam
1167 811 1439 862 sententiam
1465 847 1479 870 ‚
1515 809 1754 860 Ernestius
1797 811 1970 876 vtitur,

337 896 595 966 ορεξοισθοιι
626 913 795 962 nempe
826 897 884 944 de
914 911 974 942 eo
1008 896 1129 958 dici,
1163 897 1244 960 qui
1283 893 1427 960 pedes
1463 891 1587 939 hasta
1620 899 1828 956 pugnet,
1862 906 1963 940 non

336 982 442 1034 satis
467 983 689 1031 Idoneum
730 978 956 1026 existimo.
1028 975 1253 1028 Occurrit
1292 976 1482 1040 quidem
1518 977 1634 1024 illud
1667 973 1861 1023 verbum
1899 972 1959 1021 de

335 1084 492 1135 pugna
513 1066 709 1133 pedestri
738 1064 790 1113 11.
815 1060 864 1126 ε’,
886 1078 983 1135 335.
1003 1075 1049 1112 et
1079 1063 1156 1126 ψ’,
1183 1063 1382 1127 805,αά
1416 1080 1537 1127 quos
1561 1067 1696 1113 locos
1719 1060 1958 1111 Ernestius
2002 1059 2009 1062 '

334 1160 592 1216 prouocat,
629 1143 704 1195 sed
732 1148 926 1194 nimium
962 1147 1071 1196 inde
1095 1149 1320 1213 colligere
1343 1147 1558 1211 videtur,
1592 1146 1697 1197 fide
1719 1144 1955 1215 peditibus

335 1242 513 1280 tantum
542 1230 592 1277 id
619 1226 826 1295 vsu-rpari
857 1230 1030 1278 credat.

471 1329 734 1378 Nouiffime
782 1333 939 1378 locum
995 1330 1204 1378 nostrum
1251 1331 1503 1397 explicauit
1543 1330 1609 1381 ln.
1647 1326 1855 1397 Heynius
1904 1332 1954 1379 in

332 1418 651 1469 dissertatione
686 1437 698 1470 z
749 1420 828 1469 De
871 1423 971 1469 acie
1012 1420 1284 1470 Homerica.
1324 1423 1411 1482 i),
1447 1420 1524 1471 Ex
1564 1423 1695 1470 cuius
1732 1418 1956 1470 sententia

330 1508 509 1559 Nestor
533 1510 628 1557 hoc
652 1507 733 1556 fibi
755 1513 884 1568 vult,
916 1521 966 1556 vt
989 1511 1136 1574 ”cum
1161 1510 1219 1558 ad
1254 1509 1430 1558 hostem
1474 1494 1754 1576 peruentum
1786 1510 1864 1568 sit,
1890 1512 1955 1557 ita

328 1606 380 1643 vt
402 1597 452 1643 in
477 1610 617 1643 curru
636 1593 789 1643 hostili
813 1595 1005 1642 stantem
1028 1596 1132 1642 telis
1163 1597 1393 1660 attingere
1434 1596 1604 1660 poffint
1629 1633 1643 1657 ‚
1676 1594 1806 1657 basta
1849 1609 1956 1644 eum

326 1679 383 1731 de
402 1696 549 1730 curru
564 1688 748 1748 petant,
786 1679 1000 1743 adeoque
1024 1695 1122 1726 non
1147 1677 1356 1727 desiliant
1376 1696 1465 1727 nec
1488 1680 1668 1745 pedites
1697 1676 1955 1744 pugnent?

326 1755 494 1809 Refert
523 1763 667 1826 igitur
699 1757 838 1809 verba
864 1777 958 1808 αιπο
984 1757 1035 1807 ὠν
1061 1777 1196 1821 οχεων
1223 1775 1323 1808 non
1355 1761 1424 1823 adl
1441 1763 1587 1815 ἱκητοα
1611 1756 1688 1808 sed
1717 1760 1774 1807 ad
1797 1761 1952 1827 ορεξοι·

326 1834 446 1885 σθω·
513 1838 644 1887 Mihi
669 1828 874 1902 quidenss
910 1840 1026 1887 tanti
1048 1840 1141 1885 viri
1166 1837 1391 1900 iudicium
1421 1839 1727 1891 lubentissime
1752 1834 1949 1910 sequen-

326 1918 361 1964 ti
376 1930 400 1977 ,·
424 1916 502 1964 hic
537 1929 690 1967 tamen
704 1917 955 1967 verborum
983 1921 1105 1969 ordo
1121 1925 1257 1970 nimis
1282 1935 1529 1975 contortus
1545 1939 1631 1977 eta
1646 1925 1949 1979 consuetudi·

293 2074 308 2081 ἢ
323 2021 385 2055 ne
408 2005 612 2055 Homeri
655 2009 852 2055 omnino
875 2009 1053 2058 alienus
1077 2011 1279 2061 videtur.

471 2089 548 2140 Ex
578 2088 798 2139 omnibus
832 2093 1001 2156 igitur,
1040 2108 1153 2159 quas
1192 2090 1450 2144 memor-aui
1471 2135 1486 2161 ,
1518 2097 1810 2151 eruditorum
1843 2101 1946 2153 sen·

323 2175 480 2224 tentiis
507 2186 715 2237 quartam
759 2174 1103 2225 Eustathianam
1145 2180 1347 2227 maxime
1380 2180 1536 2245 probo
1562 2219 1579 2242 ,
1613 2197 1782 2251 vtpote
1816 2202 1942 2254 quae

322 2251 546 2310 etxverbis
571 2258 923 2308 accommodata
960 2258 1050 2319 est,
1091 2270 1138 2310 et
1161 2249 1344 2311 sensuin'
1362 2259 1555 2313 exhibet
1587 2280 1695 2315 cum
1732 2263 1851 2318 serie
1889 2278 1939 2324 et

1820 2369 1940 2406 001)-

376 2434 424 2494 ἱ)
453 2433 552 2481 Vid.
595 2435 970 2492 Commentation.
1012 2433 1203 2494 sociem.
1239 2456 1333 2508 reg.
1359 2446 1507 2499 scient.-
1543 2447 1744 2511 δικαίας.
1767 2448 1832 2501 T.
1854 2453 1942 2508 VL‘

453 2519 552 2569 P‘K·
581 2524 668 2569 ⁸45·
1461 2547 1475 2554 ““
