2461 3214
858 178 964 260 ἒξ,
980 184 1059 262 Q
1074 188 1199 264 520·
1723 209 1839 251 xm

146 346 149 350 ›
215 309 329 371 fitne
347 316 583 378 queritur,
620 311 917 381 displicuisset
943 315 1054 368 sane
1071 318 1234 380 nobis,
1276 330 1322 369 et
1344 317 1488 369 risum
1511 318 1752 379 mouisset,
1797 323 1829 368 fi

213 415 319 450 earn
345 399 611 450 huiusmodi
637 406 816 468 galeam
843 417 1086 469 gerentem
1113 406 1368 457 induxiffet
1392 408 1654 469 Homerus;
1686 406 1827 458 sedin

205 479 455 545 Minerua,
487 501 607 549 quae
642 482 851 534 belloac·
877 503 1062 553 pugna,
1099 507 1197 539 non
1230 490 1405 541 artibus
1443 495 1679 541 amatoriis
1712 507 1824 557 gau-

204 571 298 629 det,
330 569 449 619 hanc
476 570 627 621 ideam
652 571 1007 642 hyperbolicam
1036 589 1214 628 tantum
1242 577 1379 641 abest,
1406 590 1456 628 vt
1474 595 1579 628 cum
1594 577 1820 628 Herdero

201 653 404 717 Ineptam
434 662 573 715 atque
599 656 825 718 puerilem
854 655 1067 716 credam,
1096 668 1151 704 vt
1173 673 1227 705 ea
1250 675 1423 722 magno
1442 664 1637 727 ingenio
1664 659 1815 706 diuini

201 743 379 797 poetae
402 735 604 781 omnino
643 733 902 799 dignissima
934 735 1052 783 mihi
1092 738 1334 796 videatur,
1372 741 1547 804 quippe
1584 755 1734 802 quae,
1769 738 1818 784 id

202 815 333 880 quod
367 813 447 863 fibi
475 821 633 867 voluit
651 820 766 880 ine,
800 816 1017 869 summam
1041 821 1395 872 admirationem
1428 835 1568 889 atque
1595 837 1818 870 reueren-

203 900 311 945 tiam
338 896 475 947 nobis
507 902 715 950 incutiat.
779 901 1030 965 Attamen,
1071 915 1120 951 vt
1151 901 1354 970 semper,
1389 921 1487 953 non
1513 903 1710 960 nostrae,
1738 898 1817 948 sed

199 982 493 1032 Homericae
521 989 683 1033 aetatis
706 989 826 1033 rado
857 984 1068 1032 habenda
1093 987 1181 1048 est,
1221 1004 1374 1050 neque
1411 989 1548 1034 nimis
1587 980 1814 1032 subtiliter

200 1078 424 1128 quaerere
450 1061 710 1122 debemus,
743 1081 841 1129 quo
866 1064 1011 1111 modo
1026 1065 1298 1114 ,collocandi
1321 1065 1406 1113 fint
1437 1067 1633 1124 milites,
1664 1077 1813 1125 quan-

199 1151 262 1198 do
284 1153 415 1214 galea
439 1148 565 1213 quasi
588 1149 827 1196 medimno
860 1165 942 1195 eos
968 1151 1121 1195 metiri
1148 1152 1359 1196 velimus.
1398 1146 1462 1210 m)
1535 1143 1725 1212 Qodfi
1746 1145 1809 1190 ita

197 1225 454 1286 faciamus,
491 1245 596 1275 cum
636 1229 774 1277 huius
812 1243 918 1276 tumr
951 1223 1162 1276 similium'
1195 1231 1410 1283 locor'um
1438 1226 1808 1277 Homerieorum

194 1309 497 1373 pulchritudo
520 1327 577 1357 ac
599 1306 850 1359 sublimitas
877 1307 1077 1375 peribit,
1120 1311 1365 1359 admiratio
1402 1309 1556 1359 nostra
1589 1308 1807 1365 tolletur,

193 1409 242 1445 et
263 1397 397 1462 quod
413 1398 561 1447 modo
589 1399 715 1449 adeo·
732 1404 972 1467 placuerit,
988 1405 1196 1468 ineptum
1220 1414 1357 1468 atque
1390 1399 1639 1450 ridiculum
1667 1397 1761 1444 fiet.

691 1535 1158 1600 ADNoTATlo
1201 1538 1293 1598 ΙΙΙ.

612 1661 893 1708 ΙὶΙΑῙ).
943 1662 1011 1724 Z',
1062 1678 1161 1725 234
1203 1686 1223 1694 -
1266 1659 1375 1719 236.

366 1761 478 1814 EvS‘
498 1781 607 1812 αυτε
631 1770 819 1834 Γλαυκῳ
844 1766 1043 1834 Κρονιῖης·
1065 1776 1228 1835 Φρενας
1253 1760 1430 1832 εξελεῖτο
1452 1769 1588 1825 Ζευς,

367 1852 450 1907 Ὁς
482 1852 591 1917 ἰι-ξος
628 1849 834 1912 Τυδεαδην
872 1854 1090 1916 Διομηδεα.
1116 1854 1266 1923 τευχέ
1300 1853 1493 1917 ἄμειβε,

366 1948 545 2012 Χρυσεα
572 1948 825 2006 χκλκετων,
861 1940 1125 2004 ἑκατομβσι’
1150 1938 1413 2001 εννεοιβοιων.

250 2046 495 2179 Duplex
511 2109 572 2156 est
587 2109 723 2156 huius
737 2111 828 2157 loci
842 2109 1104 2174 explicandi
1133 2109 1317 2157 modus.
1341 2105 1528 2158 Primus
1540 2102 1641 2157 hic:
1658 2104 1789 2157 Tum

183 2194 376 2244 Glauco
414 2194 657 2242 Saturnius
685 2183 861 2257 Iupiter
899 2192 1019 2240 adeo
1047 2203 1247 2240 mentem
1292 2189 1500 2256 abstulit,
1537 2189 1584 2238 h.
1613 2206 1654 2240 e.
1682 2204 1790 2238 eum

179 2280 297 2329 adeo
321 2275 593 2327 obcaecauit
616 2275 706 2324 fiue
733 2277 940 2342 decepit,
981 2285 1031 2322 vt
1055 2291 1168 2322 cum*
1186 2272 1383 2345 Tydide
1402 2270 1642 2326 Diomede
1665 2289 1790 2322 arma

179 2371 492 2427 permutaret,
529 2374 666 2406 aurea
690 2361 844 2406 aeneis
871 2370 958 2408 cet.
1009 2357 1278 2422 Sequuntur
1300 2354 1420 2404 hanc
1445 2354 1788 2420 interpretatio·

927 2437 969 2488 B
995 2455 1029 2503 3
1683 2451 1791 2485 nem

237 2543 314 2600 m)
338 2541 436 2590 vid.
457 2541 668 2588 Kritisthe
689 2541 921 2596 Wnelder,
942 2539 1181 2595 Waeldch‚
1201 2539 1232 2584 1.
1252 2553 1349 2598 pag.
1369 2551 1459 2595 179.
