2461 3214
887 166 1216 263 sams
1794 178 1867 233 n

228 298 303 345 uis
340 293 517 360 fisisset,
550 305 600 346 vt
627 294 851 348 milites'e
884 311 1070 353 centum
1106 297 1297 349 vrbibus
1332 299 1517 351 collefli
1547 303 1633 351 vix
1671 298 1858 352 sustinet

228 394 279 429 re
306 397 405 431 eam
433 398 486 429 ac
506 381 682 446 gestare
721 380 989 448 potuiffent.

366 468 641 535 Opiniones
666 472 809 535 igitur
837 471 1202 520 dofflffimorum
1241 473 1452 519 virorum
1490 454 1626 539 super
1663 477 1747 522 illo
1778 476 1853 520 lo·

231 572 291 605 co
318 573 424 604 cum
460 567 552 603 tam
582 559 735 604 variae
758 556 845 604 sint
867 593 882 614 ,
914 568 1102 621 tamque
1141 560 1264 605 inter
1302 554 1347 605 se
1391 559 1655 609 diffidentes
1677 599 1691 623 ‚
1723 576 1852 608 arro-

225 654 341 705 gans
371 639 520 686 videri
549 634 758 702 possem,
793 635 826 681 fi
861 653 997 682 vnam
1036 648 1270 702 tamquam
1294 639 1446 702 fialam
1483 652 1650 687 veram
1682 637 1853 686 consti·

228 730 359 766 tuere
374 721 564 766 vellem.
592 715 710 766 Veri
738 728 892 765 tamen
911 716 1214 782 fimilssimam
1247 723 1455 785 priorem
1504 719 1730 767 Eustathii
1763 721 1849 769 du-

226 816 310 856 co„
340 817 438 848 eam
466 816 668 864 nempe„
687 816 805 865 quae
834 818 886 871 “5‘'
914 798 1042 848 ἑκατ.
1068 807 1178 849 πολ.
1206 807 1342 867 πρυλ.
1369 818 1496 867 agag.
1526 799 1585 847 de
1612 801 1744 864 galea
1770 819 1849 854 ac.

226 886 338 947 cipit
365 886 483 935 adeo
509 880 700 950 magna,
743 897 791 934 vt
816 888 985 934 milites
1011 898 1199 933 centum
1214 884 1394 934 vrbium
1412 888 1596 950 operire
1611 881 1844 950 potuisset·

225 965 353 1013 Nam
382 971 579 1032 primum
604 966 720 1015 haec
748 967 1011 1033 explicandi
1038 970 1158 1024 ratio
1184 968 1655 1017 accommodatiffima
1681 967 1742 1015 est
1756 967 1847 1012 fin-

226 1048 348 1109 gulis
372 1044 524 1094 verbis
548 1058 703 1094 textus
727 1048 883 1110 graeci
911 1083 924 1107 ,
960 1049 1210 1111 praecipue
1247 1065 1311 1108 τῳ
1347 1062 1592 1112 “gezeman
1647 1046 1726 1092 etsi
1759 1047 1845 1091 mi-

226 1139 352 1183 nime
376 1149 450 1181 me
476 1130 624 1197 fugit,
660 1132 753 1181 hoc
778 1130 971 1183 verbum
996 1143 1089 1179 tam
1106 1135 1203 1194 ‚lato
1229 1150 1281 1181 ac
1305 1149 1428 1198 vago
1453 1129 1582 1179 sensu
1607 1128 1842 1200 vsurpari,

225 1230 275 1266 vt
302 1218 446 1267 modo
470 1217 531 1266 fic
563 1216 707 1264 modo
747 1219 879 1264 aliter
914 1219 1136 1282 explicui-i
1177 1226 1223 1263 et
1273 1219 1391 1263 verti
1431 1214 1610 1264 debeat.
1680 1214 1841 1273 Tum,

229 1307 396 1357 eadem
419 1307 524 1354 talis
552 1302 641 1363 est,
673 1312 722 1349 vt
742 1305 897 1350 nullus
931 1301 1171 1367 dubitem,
1213 1305 1327 1369 quin
1364 1303 1554 1361 leelori,
1591 1301 1682 1351 istis
1718 1301 1844 1349 criti-

226 1410 391 1446 corum
416 1384 769 1440 dissensionibus
800 1387 1012 1435 nondum
1057 1384 1356 1452 perturbato,
1394 1387 1540 1455 statim
1584 1382 1629 1432 se
1664 1382 1842 1432 oblatu-

222 1505 274 1535 ra
296 1481 373 1537 fit3
400 1504 476 1512 -
509 1471 706 1522 ErnestIi
732 1482 895 1520 contra
921 1482 967 1520 et
995 1471 1200 1520 Herderi
1238 1469 1489 1520 sententiae
1527 1471 1648 1518 iusto
1684 1471 1838 1534 longi-
1888 1525 1891 1528 ¹

226 1580 278 1613 us
300 1562 470 1628 petitae
505 1556 619 1607 mihi
655 1555 885 1602 videntur.
914 1553 1163 1602 'Praeterea
1199 1556 1417 1601 minuunt
1452 1554 1566 1611 hae,
1596 1556 1644 1599 ni
1679 1550 1842 1632 fallor,

225 1646 500 1713 grauitatem
529 1654 582 1685 ac
608 1634 1286 1702 sublimitatemdescriptionis,
1319 1642 1397 1687 illa
1418 1639 1661 1695 maiestati,
1701 1653 1842 1702 quam

225 1725 469 1775 Homerus
495 1720 582 1768 diis
611 1717 699 1767 suis
723 1717 909 1781 tribuit,
941 1722 1143 1768 maxime
1184 1723 1424 1769 conuenit.
1444 1750 1454 1760 ·
1495 1718 1687 1769 Etenim
1723 1735 1840 1785 poo-

226 1826 302 1875 ta‚
341 1826 445 1858 cum
478 1806 726 1864 Achillem,
765 1804 1053 1866 HeRorem,
1094 1807 1287 1858 Aiacem
1316 1807 1683 1865 Telamonium,
1723 1807 1843 1857 Dio·

225 1894 411 1942 medem
432 1887 639 1956 aliosque
663 1891 804 1938 duces
830 1886 1004 1936 viribus
1031 1905 1178 1955 paene
1204 1890 1377 1937 diuinis
1402 1889 1639 1954 praeditos
1675 1891 1841 1956 depin-

226 1992 386 2050 geret,
424 1979 511 2027 diis
545 1970 749 2047 virtutes
776 1982 913 2027 etiam
955 1981 1156 2030 maiores
1203 1974 1437 2024 reseruare
1482 1975 1707 2036 debebat,
1747 1997 1835 2043 ne,

226 2074 333 2119 illos
364 2066 644 2115 admirantes
666 2098 681 2121 ,
718 2062 808 2111 hos
853 2068 1225 2130 negligeremus,
1258 2059 1340 2109 sed
1367 2065 1485 2110 vtiis
1509 2060 1689 2129 semper
1703 2082 1838 2130 prae·
1882 2074 1888 2080 '

226 2161 443 2206 staremus
467 2151 686 2199 summam
707 2150 1036 2199 reuerentiam.
1096 2142 1229 2191 Hinc
1252 2147 1500 2194 velocitate
1526 2159 1665 2210 atque
1701 2145 1836 2196 forti·

225 2238 389 2286 tudine
412 2234 671 2297 (hasduas
700 2235 823 2280 enim
860 2229 1131 2296 praecipuas
1163 2222 1253 2273 esse
1284 2227 1443 2278 laudes
1486 2228 1684 2279 heroum
1724 2228 1838 2280 Ho-

213 2326 507 2382 =merieorum
532 2337 672 2370 nemo
694 2316 874 2388 nescit)
907 2329 1072 2365 omnes
1105 2316 1327 2365 mortales
1365 2332 1505 2381 quam
1534 2320 1742 2365 maxime
1780 2315 1837 2364 ab

224 2415 282 2461 iis
303 2409 614 2481 *superantuss
648 2415 748 2463 imo
796 2405 894 2457 fere
918 2403 1098 2470 semper
1119 2405 1169 2450 in
1200 2402 1578 2456 dimicationibus
1608 2407 1840 2472 periculo-

1039 2482 1149 2537 132
1734 2483 1841 2540 sxffi:
